@online{GitHub,
  author = {GitHub},
  title = {GitHub.com},
  year = 2008,
  url = {https://github.com},
  urldate = {2016-02-14}
}

@online{figshare,
  author = {figshare},
  title = {figshare - credit for all your research},
  year = 2016,
  url = {https://figshare.com},
  urldate = {2016-02-14}
}

@online{Fidgit,
  author = {Arfon M Smith},
  title = {Fidgit: An ungodly union of GitHub and figshare},
  year = 2013,
  url = {https://github.com/arfon/fidgit},
  urldate = {2016-02-14}
}

@misc{figshare_archive,
  author = {{figshare Archive}},
  title = {Fidgit: An ungodly union of GitHub and figshare},
  doi = {10.6084/m9.figshare.828487},
  howpublished = {\url{https://doi.org/10.6084/m9.figshare.828487}}
}

@Misc{chebfun,
  Title                    = {{Chebfun Guide}},
  Author                   = {T.A. Driscoll and N. Hale and L.N. Trefethen},
  Year                     = {2014},
  Publisher                = {Pafnuty Publications},
  Location                 = {Oxford}
}

@Misc{pybind11,
  author = {W. Jakob and J. Rhinelander and D. Moldovan},
  title  = {pybind11 -- Seamless operability between C++11 and Python},
  year   = {2016},
  note   = {https://github.com/pybind/pybind11},
}

@Article{Battles-SJSC-2004,
  Title                    = {{An Extension Of MATLAB To Continuous Functions And Operators}},
  Author                   = {Z. Battles and L.N. Trefethen},
  Journal                  = {SIAM J. Sci. Comput.},
  Year                     = {2004},
  Volume                   = {25},
  Number                   = {5},
  Pages                    = {1743 -- 1770},
  Doi                      = {10.1137/S1064827503430126}

}

@article{Perez2007,
 title = {{IP}ython: a System for Interactive Scientific Computing},
 author = {P\'erez, F. and Granger, B. E.},
 journal = {Computing in Science and Engineering},
 volume = {9},
 number = {3},
 pages = {21--29},
 year = {2007},
 url = {http://ipython.org},
 doi = {10.1109/MCSE.2007.53},
 publisher = {IEEE Computer Society},
}

@Article{Boyd-SIAM-2013,
  Title                    = {{Finding the Zeros of a Univariate Equation: Proxy Rootfinders, Chebyshev Interpolation, and the Companion Matrix}},
  Author                   = {J.P. Boyd},
  Journal                  = {SIAM Review},
  Year                     = {2013},
  Number                   = {2},
  Pages                    = {375--396},
  Volume                   = {55},

  Doi                      = {10.1137/110838297},
  Owner                    = {ihb},
  Timestamp                = {2016.12.09}
}

@Book{Mason-BOOK-2003,
  Title                    = {Chebyshev Polynomials},
  Author                   = {J.C. Mason and D.C. Handscomb},
  Publisher                = {Chapman \& Hall},
  Location                 = {Boca Raton},
  Year                     = {2003},

  Owner                    = {ihb},
  Timestamp                = {2016.12.14}
}